<?xml version="1.0" encoding="UTF-8"?><record xmlns="http://www.loc.gov/MARC21/slim" xmlns:cinclude="http://apache.org/cocoon/include/1.0" xmlns:zs="http://www.loc.gov/zing/srw/">
  <leader>00670cz  a2200169n  4500</leader>
  <controlfield tag="001">n 2004050847</controlfield>
  <controlfield tag="003">DLC</controlfield>
  <controlfield tag="005">20080823080846.0</controlfield>
  <controlfield tag="008">040214n| acannaabn          |b ana      </controlfield>
  <datafield tag="010" ind1=" " ind2=" ">
    <subfield code="a">n 2004050847</subfield>
  </datafield>
  <datafield tag="035" ind1=" " ind2=" ">
    <subfield code="a">(OCoLC)oca06273259</subfield>
  </datafield>
  <datafield tag="040" ind1=" " ind2=" ">
    <subfield code="a">DLC</subfield>
    <subfield code="b">eng</subfield>
    <subfield code="c">DLC</subfield>
    <subfield code="d">OCoLC</subfield>
  </datafield>
  <datafield tag="110" ind1="2" ind2=" ">
    <subfield code="a">Ezhou Shi Zhang Jiang jin shu jian cai ji tuan</subfield>
  </datafield>
  <datafield tag="410" ind1="2" ind2=" ">
    <subfield code="a">鄂州市长江金属建材集团</subfield>
  </datafield>
  <datafield tag="667" ind1=" " ind2=" ">
    <subfield code="a">Machine-derived non-Latin script reference project.</subfield>
  </datafield>
  <datafield tag="667" ind1=" " ind2=" ">
    <subfield code="a">Non-Latin script reference not evaluated.</subfield>
  </datafield>
  <datafield tag="670" ind1=" " ind2=" ">
    <subfield code="a">Cheng, Chunting. Ezhou Shi Chang Jiang jin shu jian cai ji tuan, 1998:</subfield>
    <subfield code="b">t.p. (Ezhou Shi Zhang Jiang jin shu jian cai ji tuan) p. 1, 3rd group (founded in July 1993)</subfield>
  </datafield>
</record>